
@phdthesis{Colvert2018a,
  title={Physics-Based and Data-Driven Models for Bio-Inspired Flow Sensing and Motion Planning},
  author={Colvert, Brendan},
  year={2018},
  school={University of Southern California}
}
@article{Colvert2016, 
title={Fishlike rheotaxis}, volume={793}, DOI={10.1017/jfm.2016.141}, journal={Journal of Fluid Mechanics}, publisher={Cambridge University Press}, author={Colvert, Brendan and Kanso, Eva}, year={2016}, pages={656â€“666}
}
@article{Colvert2017a,
  title={Local flow characterization using bioinspired sensory information},
  author={Colvert, Brendan and Chen, Kevin and Kanso, Eva},
  journal={Journal of Fluid Mechanics},
  volume={818},
  pages={366},
  year={2017},
  publisher={Cambridge University Press}
}
@article{Colvert2017b,
  title={Bioinspired sensory systems for shear flow detection},
  author={Colvert, Brendan and Chen, Kevin K and Kanso, Eva},
  journal={Journal of Nonlinear Science},
  volume={27},
  number={4},
  pages={1183--1192},
  year={2017},
  publisher={Springer}
}
@inproceedings{Colvert2017c,
  title={How can a source be located by responding to local information in its hydrodynamic trail?},
  author={Colvert, Brendan and Liu, Geng and Dong, Haibo and Kanso, Eva},
  booktitle={2017 IEEE 56th Annual Conference on Decision and Control (CDC)},
  pages={2756--2761},
  year={2017},
  organization={IEEE}
}
@article{Colvert2018b,
  title={Classifying vortex wakes using neural networks},
  author={Colvert, Brendan and Alsalman, Mohamad and Kanso, Eva},
  journal={Bioinspiration \& biomimetics},
  volume={13},
  number={2},
  pages={025003},
  year={2018},
  publisher={IOP Publishing}
}
@article{Colvert2018c,
  title={A local sensory and control strategy for following hydrodynamic signals},
  author={Colvert, Brendan and Kanso, Eva},
  journal={arXiv preprint arXiv:1804.02442},
  year={2018}
}
@article{Alsalman2018,
  title={Training bioinspired sensors to classify flows},
  author={Alsalman, Mohamad and Colvert, Brendan and Kanso, Eva},
  journal={Bioinspiration \& biomimetics},
  volume={14},
  number={1},
  pages={016009},
  year={2018},
  publisher={IOP Publishing}
}
@inproceedings{Yen2020,
  title={Wake Tracking by Copepods: importance of chemical and fluid mechanical cues},
  author={Yen, Jeannette and Colvert, Brendan and Alsalman, Mohamad and Huang, Yangyang and Kanso, Eva},
  booktitle={Ocean Sciences Meeting 2020},
  year={2020},
  organization={AGU}
}
@article{Colvert2020,
  title={Flowtaxis in the wakes of oscillating airfoils},
  author={Colvert, Brendan and Liu, Geng and Dong, Haibo and Kanso, Eva},
  journal={Theoretical and Computational Fluid Dynamics},
  volume={34},
  number={4},
  pages={545--556},
  year={2020},
  publisher={Springer}
}
@article{Heydari2021,
  title={School cohesion, speed and efficiency are modulated by the swimmers flapping motion},
  author={Heydari, Sina and Kanso, Eva},
  journal={Journal of Fluid Mechanics},
  volume={922},
  year={2021},
  publisher={Cambridge University Press}
}
@article{Jiao2021,
  title = {Learning to swim in potential flow},
  author = {Jiao, Yusheng and Ling, Feng and Heydari, Sina and Heess, Nicolas and Merel, Josh and Kanso, Eva},
  journal = {Phys. Rev. Fluids},
  volume = {6},
  issue = {5},
  pages = {050505},
  numpages = {20},
  year = {2021},
  month = {May},
  publisher = {American Physical Society},
  doi = {10.1103/PhysRevFluids.6.050505},
  url = {https://link.aps.org/doi/10.1103/PhysRevFluids.6.050505}
}

@article{Ristroph2015,
  title={Lateral line layout correlates with the differential hydrodynamic pressure on swimming fish},
  author={Ristroph, Leif and Liao, James C and Zhang, Jun},
  journal={Physical Review Letters},
  volume={114},
  number={1},
  pages={018102},
  year={2015},
  publisher={APS}
}
@article{Windsor2010,
  title={The flow fields involved in hydrodynamic imaging by blind Mexican cave fish (Astyanax fasciatus). Part I: open water and heading towards a wall},
  author={Windsor, Shane P and Norris, Stuart E and Cameron, Stuart M and Mallinson, Gordon D and Montgomery, John C},
  journal={Journal of Experimental Biology},
  volume={213},
  number={22},
  pages={3819--3831},
  year={2010},
  publisher={The Company of Biologists Ltd}
}
@article{Liao2003,
  title={Fish exploiting vortices decrease muscle activity},
  author={Liao, James C and Beal, David N and Lauder, George V and Triantafyllou, Michael S},
  journal={Science},
  volume={302},
  number={5650},
  pages={1566--1569},
  year={2003},
  publisher={American Association for the Advancement of Science}
}
@article{Becker2015,
  title={Hydrodynamic schooling of flapping swimmers},
  author={Becker, Alexander D and Masoud, Hassan and Newbolt, Joel W and Shelley, Michael and Ristroph, Leif},
  journal={Nature communications},
  volume={6},
  number={1},
  pages={1--8},
  year={2015},
  publisher={Nature Publishing Group}
}
@article{Pohlmann2001,
  title={Tracking wakes: the nocturnal predatory strategy of piscivorous catfish},
  author={Pohlmann, Kirsten and Grasso, Frank W and Breithaupt, Thomas},
  journal={Proceedings of the National Academy of Sciences},
  volume={98},
  number={13},
  pages={7371--7374},
  year={2001},
  publisher={National Acad Sciences}
}
@article{Engelmann2000,
  title={Hydrodynamic stimuli and the fish lateral line},
  author={Engelmann, Jacob and Hanke, Wolf and Mogdans, Joachim and Bleckmann, Horst},
  journal={Nature},
  volume={408},
  number={6808},
  pages={51--52},
  year={2000},
  publisher={Nature Publishing Group}
}
@incollection{Montgomery2001,
  title={The mechanosensory lateral line system of the hypogean form of Astyanax fasciatus},
  author={Montgomery, John C and Coombs, Sheryl and Baker, Cindy F},
  booktitle={The biology of hypogean fishes},
  pages={87--96},
  year={2001},
  publisher={Springer}
}
@article{Verma2020,
  title={Optimal sensor placement for artificial swimmers},
  author={Verma, Siddhartha and Papadimitriou, Costas and L{\"u}then, Nora and Arampatzis, Georgios and Koumoutsakos, Petros},
  journal={Journal of Fluid Mechanics},
  volume={884},
  year={2020},
  publisher={Cambridge University Press}
}
@article{Oteiza2017,
  title={A novel mechanism for mechanosensory-based rheotaxis in larval zebrafish},
  author={Oteiza, Pablo and Odstrcil, Iris and Lauder, George and Portugues, Ruben and Engert, Florian},
  journal={Nature},
  volume={547},
  number={7664},
  pages={445--448},
  year={2017},
  publisher={Nature Publishing Group}
}
@article{Fan2020,
  title={Reinforcement learning for bluff body active flow control in experiments and simulations},
  author={Fan, Dixia and Yang, Liu and Wang, Zhicheng and Triantafyllou, Michael S and Karniadakis, George Em},
  journal={Proceedings of the National Academy of Sciences},
  volume={117},
  number={42},
  pages={26091--26098},
  year={2020},
  publisher={National Acad Sciences}
}
@article{Rabault2019,
  title={Artificial neural networks trained through deep reinforcement learning discover control strategies for active flow control},
  author={Rabault, Jean and Kuchta, Miroslav and Jensen, Atle and R{\'e}glade, Ulysse and Cerardi, Nicolas},
  journal={Journal of fluid mechanics},
  volume={865},
  pages={281--302},
  year={2019},
  publisher={Cambridge University Press}
}
@article{Ma2018,
  title={Fluid directed rigid body control using deep reinforcement learning},
  author={Ma, Pingchuan and Tian, Yunsheng and Pan, Zherong and Ren, Bo and Manocha, Dinesh},
  journal={ACM Transactions on Graphics (TOG)},
  volume={37},
  number={4},
  pages={1--11},
  year={2018},
  publisher={ACM New York, NY, USA}
}
@article{Gazzola2014,
  title={Reinforcement learning and wavelet adapted vortex methods for simulations of self-propelled swimmers},
  author={Gazzola, Mattia and Hejazialhosseini, Babak and Koumoutsakos, Petros},
  journal={SIAM Journal on Scientific Computing},
  volume={36},
  number={3},
  pages={B622--B639},
  year={2014},
  publisher={SIAM}
}
@article{Verma2018,
  title={Efficient collective swimming by harnessing vortices through deep reinforcement learning},
  author={Verma, Siddhartha and Novati, Guido and Koumoutsakos, Petros},
  journal={Proceedings of the National Academy of Sciences},
  volume={115},
  number={23},
  pages={5849--5854},
  year={2018},
  publisher={National Acad Sciences}
}
@article{Gunnarson2021,
  title={Learning Efficient Navigation in Vortical Flow Fields},
  author={Gunnarson, Peter and Mandralis, Ioannis and Novati, Guido and Koumoutsakos, Petros and Dabiri, John O},
  journal={arXiv preprint arXiv:2102.10536},
  year={2021}
}
@article{Bellemare2020,
  title={Autonomous navigation of stratospheric balloons using reinforcement learning},
  author={Bellemare, Marc G and Candido, Salvatore and Castro, Pablo Samuel and Gong, Jun and Machado, Marlos C and Moitra, Subhodeep and Ponda, Sameera S and Wang, Ziyu},
  journal={Nature},
  volume={588},
  number={7836},
  pages={77--82},
  year={2020},
  publisher={Nature Publishing Group}
}
@book{Saffman1992vortex,
  title={Vortex dynamics},
  author={Saffman, Philip G},
  year={1992},
  publisher={Cambridge university press}
}
@article{Schulman2017,
  title={Proximal policy optimization algorithms},
  author={Schulman, John and Wolski, Filip and Dhariwal, Prafulla and Radford, Alec and Klimov, Oleg},
  journal={arXiv preprint arXiv:1707.06347},
  year={2017}
}
@article{Spedding2014,
  title={Wake signature detection},
  author={Spedding, Geoffrey R},
  journal={Annual review of fluid mechanics},
  volume={46},
  pages={273--302},
  year={2014},
  publisher={Annual Reviews}
}
@article{Krishna2021,
  title={Finite-Horizon, Energy-Optimal Trajectories in Unsteady Flows},
  author={Krishna, Kartik and Song, Zhuoyuan and Brunton, Steven L},
  journal={arXiv preprint arXiv:2103.10556},
  year={2021}
}
@article{Taylor2003,
  title={Flying and swimming animals cruise at a Strouhal number tuned for high power efficiency},
  author={Taylor, Graham K and Nudds, Robert L and Thomas, Adrian LR},
  journal={Nature},
  volume={425},
  number={6959},
  pages={707--711},
  year={2003},
  publisher={Nature Publishing Group}
}
@article{Peskin1977,
  title={Numerical analysis of blood flow in the heart},
  author={Peskin, Charles S},
  journal={Journal of computational physics},
  volume={25},
  number={3},
  pages={220--252},
  year={1977},
  publisher={Elsevier}
}
@article{Mittal2008,
  title={A versatile sharp interface immersed boundary method for incompressible flows with complex boundaries},
  author={Mittal, Rajat and Dong, Haibo and Bozkurttas, Meliha and Najjar, FM and Vargas, Abel and Von Loebbecke, Alfred},
  journal={Journal of computational physics},
  volume={227},
  number={10},
  pages={4825--4852},
  year={2008},
  publisher={Elsevier}
}
@article{Vargas2008,
  title={A computational study of the aerodynamic performance of a dragonfly wing section in gliding flight},
  author={Vargas, Abel and Mittal, Rajat and Dong, Haibo},
  journal={Bioinspiration \& biomimetics},
  volume={3},
  number={2},
  pages={026004},
  year={2008},
  publisher={IOP Publishing}
}
@article{Bozkurttas2009,
  title={Low-dimensional models and performance scaling of a highly deformable fish pectoral fin},
  author={Bozkurttas, M and Mittal, R and Dong, H and Lauder, GV and Madden, P},
  journal={Journal of Fluid Mechanics},
  volume={631},
  pages={311},
  year={2009},
  publisher={Citeseer}
}
@article{Pollard2021,
  title={Learning hydrodynamic signatures through proprioceptive sensing by bioinspired swimmers},
  author={Pollard, Beau and Tallapragada, Phanindra},
  journal={Bioinspiration \& Biomimetics},
  volume={16},
  number={2},
  pages={026014},
  year={2021},
  publisher={IOP Publishing}
}
@article{Schnipper2009,
  title={Vortex wakes of a flapping foil},
  author={Schnipper, Teis and Andersen, Anders and Bohr, Tomas},
  journal={Journal of Fluid Mechanics},
  volume={633},
  pages={411},
  year={2009},
  publisher={Citeseer}
}
@inproceedings{Hinson2012,
  title={Flowfield estimation in the wake of a pitching and heaving airfoil},
  author={Hinson, Brian T and Morgansen, Kristi A},
  booktitle={2012 American Control Conference (ACC)},
  pages={1085--1091},
  year={2012},
  organization={IEEE}
}
@article{Devries2015,
  title={Distributed flow estimation and closed-loop control of an underwater vehicle with a multi-modal artificial lateral line},
  author={DeVries, Levi and Lagor, Francis D and Lei, Hong and Tan, Xiaobo and Paley, Derek A},
  journal={Bioinspiration \& biomimetics},
  volume={10},
  number={2},
  pages={025002},
  year={2015},
  publisher={IOP Publishing}
}
@article{Takagi2018,
  title={Directional hydrodynamic sensing by free-swimming organisms},
  author={Takagi, Daisuke and Hartline, Daniel K},
  journal={Bulletin of mathematical biology},
  volume={80},
  number={1},
  pages={215--227},
  year={2018},
  publisher={Springer}
}
@article{Novati2017,
  title={Synchronisation through learning for two self-propelled swimmers},
  author={Novati, Guido and Verma, Siddhartha and Alexeev, Dmitry and Rossinelli, Diego and Van Rees, Wim M and Koumoutsakos, Petros},
  journal={Bioinspiration \& biomimetics},
  volume={12},
  number={3},
  pages={036001},
  year={2017},
  publisher={IOP Publishing}
}
@article{Zhang2015,
  title={Distributed flow sensing for closed-loop speed control of a flexible fish robot},
  author={Zhang, Feitian and Lagor, Francis D and Yeo, Derrick and Washington, Patrick and Paley, Derek A},
  journal={Bioinspiration \& biomimetics},
  volume={10},
  number={6},
  pages={065001},
  year={2015},
  publisher={IOP Publishing}
}
@book{Gao2012,
  title={Bio-inspired pressure sensing for active yaw control of underwater vehicles},
  author={Gao, Amy and Triantafyllou, Michael},
  year={2012},
  publisher={IEEE}
}
@phdthesis{Gao2018,
  title={Sensing and control for fishlike propulsion in unsteady environments},
  author={Gao, Amy Amy Ruiming},
  year={2018},
  school={Massachusetts Institute of Technology}
}
@article{Abdulsadda2013,
  title={Underwater tracking of a moving dipole source using an artificial lateral line: algorithm and experimental validation with ionic polymer--metal composite flow sensors},
  author={Abdulsadda, Ahmad T and Tan, Xiaobo},
  journal={Smart Materials and Structures},
  volume={22},
  number={4},
  pages={045010},
  year={2013},
  publisher={IOP Publishing}
}
@article{Cybenko1989,
  title={Approximation by superpositions of a sigmoidal function},
  author={Cybenko, George},
  journal={Mathematics of control, signals and systems},
  volume={2},
  number={4},
  pages={303--314},
  year={1989},
  publisher={Springer}
}
@article{Leshno1993,
  title={Multilayer feedforward networks with a nonpolynomial activation function can approximate any function},
  author={Leshno, Moshe and Lin, Vladimir Ya and Pinkus, Allan and Schocken, Shimon},
  journal={Neural networks},
  volume={6},
  number={6},
  pages={861--867},
  year={1993},
  publisher={Elsevier}
}
@article{Csaji2001,
  title={Approximation with artificial neural networks},
  author={Cs{\'a}ji, Bal{\'a}zs Csan{\'a}d and others},
  journal={Faculty of Sciences, Etvs Lornd University, Hungary},
  volume={24},
  number={48},
  pages={7},
  year={2001},
  publisher={Citeseer}
}
@article{Feitl2010,
  title={Are fish less responsive to a flow stimulus when swimming?},
  author={Feitl, Karla E and Ngo, Victoria and McHenry, Matthew J},
  journal={Journal of Experimental Biology},
  volume={213},
  number={18},
  pages={3131--3137},
  year={2010},
  publisher={The Company of Biologists Ltd}
}
@article{Mchenry2009,
  title={Larval zebrafish rapidly sense the water flow of a predator's strike},
  author={McHenry, MJ and Feitl, KE and Strother, JA and Van Trump, WJ},
  journal={Biology Letters},
  volume={5},
  number={4},
  pages={477--479},
  year={2009},
  publisher={The Royal Society}
}
@article{Stewart2010,
  title={Sensing the strike of a predator fish depends on the specific gravity of a prey fish},
  author={Stewart, William J and McHenry, Matthew J},
  journal={Journal of Experimental Biology},
  volume={213},
  number={22},
  pages={3769--3777},
  year={2010},
  publisher={The Company of Biologists Ltd}
}
@incollection{Van2013,
  title={The biophysics of the fish lateral line},
  author={van Netten, Sietse M and McHenry, Matthew J},
  booktitle={The Lateral Line System},
  pages={99--119},
  year={2013},
  publisher={Springer}
}
@article{Dehnhardt2001,
  title={Hydrodynamic trail-following in harbor seals (Phoca vitulina)},
  author={Dehnhardt, Guido and Mauck, Bj{\"o}rn and Hanke, Wolf and Bleckmann, Horst},
  journal={Science},
  volume={293},
  number={5527},
  pages={102--104},
  year={2001},
  publisher={American Association for the Advancement of Science}
}
@article{Yen1998,
  title={The fluid physics of signal perception by mate-tracking copepods},
  author={Yen, Jeannette and Weissburg, Marc J and Doall, Michael H},
  journal={Philosophical Transactions of the Royal Society of London. Series B: Biological Sciences},
  volume={353},
  number={1369},
  pages={787--804},
  year={1998},
  publisher={The Royal Society}
}
@article{Hanke2010,
  title={Harbor seal vibrissa morphology suppresses vortex-induced vibrations},
  author={Hanke, Wolf and Witte, Matthias and Miersch, Lars and Brede, Martin and Oeffner, Johannes and Michael, Mark and Hanke, Frederike and Leder, Alfred and Dehnhardt, Guido},
  journal={Journal of Experimental Biology},
  volume={213},
  number={15},
  pages={2665--2672},
  year={2010},
  publisher={The Company of Biologists Ltd}
}
@article{Li2021,
  title={Source Seeking Control of Unicycle Robots with 3D-printed Flexible Piezoresistive Sensors},
  author={Li, Tinghua and Jayawardhana, Bayu and Kamat, Amar and Kottapalli, Ajay Giri Prakash},
  journal={arXiv preprint arXiv:2104.14267},
  year={2021}
}
@article{Schulte2007,
  title={Tracking of biogenic hydrodynamic trails in harbour seals (Phoca vitulina)},
  author={Schulte-Pelkum, N and Wieskotten, S and Hanke, W and Dehnhardt, G and Mauck, B},
  journal={Journal of Experimental Biology},
  volume={210},
  number={5},
  pages={781--787},
  year={2007},
  publisher={The Company of Biologists Ltd}
}
@article{Wieskotten2010,
  title={Hydrodynamic determination of the moving direction of an artificial fin by a harbour seal (Phoca vitulina)},
  author={Wieskotten, S and Dehnhardt, G and Mauck, B and Miersch, L and Hanke, W},
  journal={Journal of Experimental Biology},
  volume={213},
  number={13},
  pages={2194--2200},
  year={2010},
  publisher={The Company of Biologists Ltd}
}
@article{Glaser2011,
  title={Hydrodynamic trail following in a California sea lion (Zalophus californianus)},
  author={Gl{\"a}ser, Nele and Wieskotten, Sven and Otter, Christian and Dehnhardt, Guido and Hanke, Wolf},
  journal={Journal of Comparative Physiology A},
  volume={197},
  number={2},
  pages={141--151},
  year={2011},
  publisher={Springer}
}
@article{Hanke2013,
  title={Hydrodynamic perception in true seals (Phocidae) and eared seals (Otariidae)},
  author={Hanke, Wolf and Wieskotten, Sven and Marshall, Christopher and Dehnhardt, Guido},
  journal={Journal of Comparative Physiology A},
  volume={199},
  number={6},
  pages={421--440},
  year={2013},
  publisher={Springer}
}
@inproceedings{Ng2003,
  title={Autonomous helicopter flight via reinforcement learning.},
  author={Ng, Andrew Y and Kim, H Jin and Jordan, Michael I and Sastry, Shankar and Ballianda, Shiv},
  booktitle={NIPS},
  volume={16},
  year={2003},
  organization={Citeseer}
}
@inproceedings{Tedrake2009,
  title={Learning to fly like a bird},
  author={Tedrake, Russ and Jackowski, Zack and Cory, Rick and Roberts, John William and Hoburg, Warren},
  booktitle={14th International symposium on robotics research. Lucerne, Switzerland},
  year={2009},
  organization={Citeseer}
}
@article{Hwangbo2017,
  title={Control of a quadrotor with reinforcement learning},
  author={Hwangbo, Jemin and Sa, Inkyu and Siegwart, Roland and Hutter, Marco},
  journal={IEEE Robotics and Automation Letters},
  volume={2},
  number={4},
  pages={2096--2103},
  year={2017},
  publisher={IEEE}
}
@article{Xu2019,
  title={Learning to fly: computational controller design for hybrid UAVs with reinforcement learning},
  author={Xu, Jie and Du, Tao and Foshey, Michael and Li, Beichen and Zhu, Bo and Schulz, Adriana and Matusik, Wojciech},
  journal={ACM Transactions on Graphics (TOG)},
  volume={38},
  number={4},
  pages={1--12},
  year={2019},
  publisher={ACM New York, NY, USA}
}
@article{Ma2021,
  author  = {Ma, Li-Ke and Yang, Zeshi and Xin, Tong and Guo, Baining and Yin, KangKang},
  title   = {Learning and Exploring Motor Skills with Spacetime Bounds},
  journal = {Computer Graphics Forum},
  volume  = {40},
  number  = {2},
  year    = {2021},
}
@article{Weber2020,
  title={Optimal flow sensing for schooling swimmers},
  author={Weber, Pascal and Arampatzis, Georgios and Novati, Guido and Verma, Siddhartha and Papadimitriou, Costas and Koumoutsakos, Petros},
  journal={Biomimetics},
  volume={5},
  number={1},
  pages={10},
  year={2020},
  publisher={Multidisciplinary Digital Publishing Institute}
}
@article{Berg1972,
  title={Chemotaxis in Escherichia coli analysed by three-dimensional tracking},
  author={Berg, Howard C and Brown, Douglas A},
  journal={Nature},
  volume={239},
  number={5374},
  pages={500--504},
  year={1972},
  publisher={Nature Publishing Group}
}
@article{Nevitt2000,
  title={Olfactory foraging by Antarctic procellariiform seabirds: life at high Reynolds numbers},
  author={Nevitt, Gabrielle A},
  journal={The Biological Bulletin},
  volume={198},
  number={2},
  pages={245--253},
  year={2000},
  publisher={Marine Biological Laboratory}
}
@article{Basil1994,
  title={Lobster orientation in turbulent odor plumes: simultaneous measurement of tracking behavior and temporal odor patterns},
  author={Basil, Jennifer and Atema, Jelle},
  journal={The Biological Bulletin},
  volume={187},
  number={2},
  pages={272--273},
  year={1994},
  publisher={Marine Biological Laboratory}
}
@article{Devine1982,
  title={Function of chemoreceptor organs in spatial orientation of the lobster, Homarus americanus: differences and overlap},
  author={Devine, Dana V and Atema, Jelle},
  journal={The Biological Bulletin},
  volume={163},
  number={1},
  pages={144--153},
  year={1982},
  publisher={Marine Biological Laboratory}
}
@article{Weissburg1994,
  title={Odor plumes and how blue crabs use them in finding prey.},
  author={Weissburg, Marc J and Zimmer-Faust, Richard K},
  journal={Journal of Experimental Biology},
  volume={197},
  number={1},
  pages={349--375},
  year={1994},
  publisher={The Company of Biologists Ltd}
}
@article{Carde1996,
  title={Pheromone-mediated diel activity rhythms of male Asian gypsy moths (Lepidoptera: Lymantriidae) in relation to female eclosion and temperature},
  author={Card{\'e}, Ring T and Charlton, Ralph E and Wallner, William E and Baranchikov, Yuri N},
  journal={Annals of the Entomological Society of America},
  volume={89},
  number={5},
  pages={745--753},
  year={1996},
  publisher={Oxford University Press Oxford, UK}
}
@incollection{Carde1997,
  title={Mechanisms of flight of male moths to pheromone},
  author={Card{\'e}, Ring T and Mafra-Neto, Agenor},
  booktitle={Insect pheromone research},
  pages={275--290},
  year={1997},
  publisher={Springer}
}
@article{Huang2017,
  title={Detection and tracking of chemical trails in bio-inspired sensory systems},
  author={Huang, Yangyang and Yen, Jeannette and Kanso, Eva},
  journal={European Journal of Computational Mechanics},
  volume={26},
  number={1-2},
  pages={98--114},
  year={2017},
  publisher={Taylor \& Francis}
}
@inproceedings{Farrell2003,
  title={Chemical plume tracing experimental results with a REMUS AUV},
  author={Farrell, Jay A and Pang, Shou and Li, Wei and Arrieta, Richard},
  booktitle={Oceans 2003. Celebrating the Past... Teaming Toward the Future (IEEE Cat. No. 03CH37492)},
  volume={2},
  pages={962--968},
  year={2003},
  organization={IEEE}
}
@book{Hasler2012,
  title={Olfactory imprinting and homing in salmon: Investigations into the mechanism of the imprinting process},
  author={Hasler, Arthur Davis and Scholz, Allan T},
  volume={14},
  year={2012},
  publisher={Springer Science \& Business Media}
}
@article{Kroese1992,
  title={Velocity-and acceleration-sensitive units in the trunk lateral line of the trout},
  author={Kroese, AB and Schellart, NA},
  journal={Journal of Neurophysiology},
  volume={68},
  number={6},
  pages={2212--2221},
  year={1992},
  publisher={American Physiological Society Bethesda, MD}
}
@article{Coombs2005,
  title={The hydrodynamics and structural mechanics of the lateral line system},
  author={Coombs, Sheryl and Van Netten, Sietse},
  journal={Fish physiology},
  volume={23},
  pages={103--139},
  year={2005},
  publisher={Elsevier}
}
@article{Rabault2020,
  title={Deep reinforcement learning in fluid mechanics: A promising method for both active flow control and shape optimization},
  author={Rabault, Jean and Ren, Feng and Zhang, Wei and Tang, Hui and Xu, Hui},
  journal={Journal of Hydrodynamics},
  volume={32},
  pages={234--246},
  year={2020},
  publisher={Springer}
}
@article{Garnier2021,
  title={A review on deep reinforcement learning for fluid mechanics},
  author={Garnier, Paul and Viquerat, Jonathan and Rabault, Jean and Larcher, Aur{\'e}lien and Kuhnle, Alexander and Hachem, Elie},
  journal={Computers \& Fluids},
  volume={225},
  pages={104973},
  year={2021},
  publisher={Elsevier}
}
@misc{OpenAI_PPO,
author = {OpenAI},
howpublished = "\url{https://spinningup.openai.com/en/latest/algorithms/ppo.html}"}
@misc{OpenAI_PPO_2,
author = {OpenAI},
howpublished = "\url{https://github.com/openai/baselines/tree/master/baselines/ppo2}"}
@book{Lumley2007,
  title={Stochastic tools in turbulence},
  author={Lumley, John L},
  year={2007},
  publisher={Courier Corporation}
}
@article{Sirovich1987,
  title={Turbulence and the dynamics of coherent structures. I. Coherent structures},
  author={Sirovich, Lawrence},
  journal={Quarterly of applied mathematics},
  volume={45},
  number={3},
  pages={561--571},
  year={1987}
}
@article{Free2018,
  title={Model-based observer and feedback control design for a rigid Joukowski foil in a K{\'a}rm{\'a}n vortex street},
  author={Free, Brian A and Paley, Derek A},
  journal={Bioinspiration \& biomimetics},
  volume={13},
  number={3},
  pages={035001},
  year={2018},
  publisher={IOP Publishing}
}
@article{Yen2018,
  title={Controlling a robotic fish to swim along a wall using hydrodynamic pressure feedback},
  author={Yen, Wei-Kuo and Sierra, Daniel Martinez and Guo, Jenhwa},
  journal={IEEE Journal of Oceanic Engineering},
  volume={43},
  number={2},
  pages={369--380},
  year={2018},
  publisher={IEEE}
}
@article{Mandralis2021,
  title={Learning swimming escape patterns under energy constraints},
  author={Mandralis, Ioannis and Weber, Pascal and Novati, Guido and Koumoutsakos, Petros},
  journal={arXiv preprint arXiv:2105.00771},
  year={2021}
}
@article{Reddy2016,
  title={Learning to soar in turbulent environments},
  author={Reddy, Gautam and Celani, Antonio and Sejnowski, Terrence J and Vergassola, Massimo},
  journal={Proceedings of the National Academy of Sciences},
  volume={113},
  number={33},
  pages={E4877--E4884},
  year={2016},
  publisher={National Acad Sciences}
}
@article{Reddy2018,
  title={Glider soaring via reinforcement learning in the field},
  author={Reddy, Gautam and Wong-Ng, Jerome and Celani, Antonio and Sejnowski, Terrence J and Vergassola, Massimo},
  journal={Nature},
  volume={562},
  number={7726},
  pages={236--239},
  year={2018},
  publisher={Nature Publishing Group}
}
@inproceedings{Bachmayer2002,
  title={Vehicle networks for gradient descent in a sampled environment},
  author={Bachmayer, Ralf and Leonard, Naomi Ehrich},
  booktitle={Proceedings of the 41st IEEE Conference on Decision and Control, 2002.},
  volume={1},
  pages={112--117},
  year={2002},
  organization={IEEE}
}
@article{Ogren2004,
  title={Cooperative control of mobile sensor networks: Adaptive gradient climbing in a distributed environment},
  author={Ogren, Petter and Fiorelli, Edward and Leonard, Naomi Ehrich},
  journal={IEEE Transactions on Automatic control},
  volume={49},
  number={8},
  pages={1292--1302},
  year={2004},
  publisher={IEEE}
}
@inproceedings{Biyik2007,
  title={Gradient climbing in formation via extremum seeking and passivity-based coordination rules},
  author={Biyik, Emrah and Arcak, Murat},
  booktitle={2007 46th IEEE Conference on Decision and Control},
  pages={3133--3138},
  year={2007},
  organization={IEEE}
}
@inproceedings{Moore2010,
  title={Source seeking via collaborative measurements by a circular formation of agents},
  author={Moore, Brandon J and Canudas-de-Wit, Carlos},
  booktitle={Proceedings of the 2010 American control conference},
  pages={6417--6422},
  year={2010},
  organization={IEEE}
}
@article{Cochran2009a,
  title={Nonholonomic source seeking with tuning of angular velocity},
  author={Cochran, Jennie and Krstic, Miroslav},
  journal={IEEE Transactions on Automatic Control},
  volume={54},
  number={4},
  pages={717--731},
  year={2009},
  publisher={IEEE}
}
@article{Cochran2009b,
  title={Source seeking for two nonholonomic models of fish locomotion},
  author={Cochran, Jennie and Kanso, Eva and Kelly, Scott D and Xiong, Hailong and Krstic, Miroslav},
  journal={IEEE Transactions on Robotics},
  volume={25},
  number={5},
  pages={1166--1176},
  year={2009},
  publisher={IEEE}
}
@article{Hamdi2009,
  title={The recovery of a time-dependent point source in a linear transport equation: application to surface water pollution},
  author={Hamdi, Adel},
  journal={Inverse Problems},
  volume={25},
  number={7},
  pages={075006},
  year={2009},
  publisher={IOP Publishing}
}
@article{Azuma2012,
  title={Stochastic source seeking by mobile robots},
  author={Azuma, Shun-ichi and Sakar, Mahmut Selman and Pappas, George J},
  journal={IEEE Transactions on Automatic Control},
  volume={57},
  number={9},
  pages={2308--2321},
  year={2012},
  publisher={IEEE}
}
@inproceedings{Weiss2019,
  title={A tutorial on the proper orthogonal decomposition},
  author={Weiss, Julien},
  booktitle={AIAA Aviation 2019 Forum},
  pages={3333},
  year={2019}
}
@article{Gillies1998, 
  title={Low-dimensional control of the circular cylinder wake}, volume={371}, DOI={10.1017/S0022112098002122}, journal={Journal of Fluid Mechanics}, publisher={Cambridge University Press}, author={Gillies, E. A.}, year={1998}, pages={157â€“178}
}
@article{Miyanawala2019, 
  title={Decomposition of wake dynamics in fluidâ€“structure interaction via low-dimensional models}, volume={867}, DOI={10.1017/jfm.2019.140}, journal={Journal of Fluid Mechanics}, publisher={Cambridge University Press}, author={Miyanawala, T. P. and Jaiman, R. K.}, year={2019}, pages={723â€“764}
}
@article{Oseen1912,
  title={Uber die Wirbelbewegung in einer reibenden Flussigkeit},
  author={Oseen, CW},
  journal={Ark. Mat. Astro. Fys.},
  volume={7},
  year={1912}
}
@ARTICLE{2020SciPy,
  author  = {Virtanen, Pauli and Gommers, Ralf and Oliphant, Travis E. and
            Haberland, Matt and Reddy, Tyler and Cournapeau, David and
            Burovski, Evgeni and Peterson, Pearu and Weckesser, Warren and
            Bright, Jonathan and {van der Walt}, St{\'e}fan J. and
            Brett, Matthew and Wilson, Joshua and Millman, K. Jarrod and
            Mayorov, Nikolay and Nelson, Andrew R. J. and Jones, Eric and
            Kern, Robert and Larson, Eric and Carey, C J and
            Polat, {\.I}lhan and Feng, Yu and Moore, Eric W. and
            {VanderPlas}, Jake and Laxalde, Denis and Perktold, Josef and
            Cimrman, Robert and Henriksen, Ian and Quintero, E. A. and
            Harris, Charles R. and Archibald, Anne M. and
            Ribeiro, Ant{\^o}nio H. and Pedregosa, Fabian and
            {van Mulbregt}, Paul and {SciPy 1.0 Contributors}},
  title   = {{{SciPy} 1.0: Fundamental Algorithms for Scientific
            Computing in Python}},
  journal = {Nature Methods},
  year    = {2020},
  volume  = {17},
  pages   = {261--272},
  adsurl  = {https://rdcu.be/b08Wh},
  doi     = {10.1038/s41592-019-0686-2},
}
@article{Kingma2014,
  title={Adam: A method for stochastic optimization},
  author={Kingma, Diederik P and Ba, Jimmy},
  journal={arXiv preprint arXiv:1412.6980},
  year={2014}
}
@article{Haller2001,
  title={Distinguished material surfaces and coherent structures in three-dimensional fluid flows},
  author={Haller, George},
  journal={Physica D: Nonlinear Phenomena},
  volume={149},
  number={4},
  pages={248--277},
  year={2001},
  publisher={Elsevier}
}
@article{Li2021,
  title={Fish can save energy via proprioceptive sensing},
  author={Li, Liang and Liu, Danshi and Deng, Jian and Lutz, Matthew J and Xie, Guangming},
  journal={Bioinspiration \& biomimetics},
  volume={16},
  number={5},
  pages={056013},
  year={2021},
  publisher={IOP Publishing}
}
@article{Campanaro2021,
  title={CPG-ACTOR: Reinforcement Learning for Central Pattern Generators},
  author={Campanaro, Luigi and Gangapurwala, Siddhant and De Martini, Daniele and Merkt, Wolfgang and Havoutis, Ioannis},
  journal={arXiv preprint arXiv:2102.12891},
  year={2021}
}